<record><leader>00000cas a2200000 a 4500</leader><controlfield tag="001">10058275</controlfield><controlfield tag="008">831026d186418uunyuwr ne      0    0eng c</controlfield><datafield ind1=" " ind2=" " tag="010"><subfield code="a">sn 83031761 </subfield></datafield><datafield ind1=" " ind2=" " tag="040"><subfield code="a">NPU</subfield><subfield code="b">eng</subfield><subfield code="c">NPU</subfield><subfield code="d">NPY</subfield><subfield code="d">NYG</subfield><subfield code="d">KNP</subfield><subfield code="d">NYS</subfield><subfield code="d">CNK</subfield><subfield code="d">NVF</subfield><subfield code="d">NVK</subfield><subfield code="d">OCL</subfield><subfield code="d">NYS</subfield><subfield code="d">DLC</subfield><subfield code="d">KRTAS</subfield><subfield code="d">OCLCQ</subfield><subfield code="d">OCLCF</subfield><subfield code="d">OCLCO</subfield><subfield code="d">OCLCA</subfield></datafield><datafield ind1=" " ind2=" " tag="019"><subfield code="a">960458429</subfield></datafield><datafield ind1="1" ind2=" " tag="029"><subfield code="a">AU@</subfield><subfield code="b">000020227415</subfield></datafield><datafield ind1=" " ind2=" " tag="042"><subfield code="a">pcc</subfield></datafield><datafield ind1=" " ind2=" " tag="043"><subfield code="a">n-us-ny</subfield></datafield><datafield ind1="0" ind2="0" tag="050"><subfield code="a">BX801</subfield><subfield code="b">.M67</subfield></datafield><datafield ind1="1" ind2="4" tag="050"><subfield code="a">AP2</subfield><subfield code="b">.M525</subfield></datafield><datafield ind1="0" ind2="0" tag="245"><subfield code="a">Metropolitan record and New York vindicator.</subfield></datafield><datafield ind1="3" ind2="0" tag="246"><subfield code="a">Metropolitan record &amp; New York vindicator</subfield></datafield><datafield ind1="3" ind2="0" tag="246"><subfield code="a">Metropolitan record New York vindicator</subfield></datafield><datafield ind1="3" ind2="0" tag="246"><subfield code="a">Metropolitan record for the campaign</subfield></datafield><datafield ind1="1" ind2="7" tag="246"><subfield code="a">Metropolitan record</subfield></datafield><datafield ind1="1" ind2="7" tag="246"><subfield code="a">New York vindicator</subfield></datafield><datafield ind1=" " ind2=" " tag="260"><subfield code="a">New York [N.Y.] :</subfield><subfield code="b">John Mullaly,</subfield><subfield code="c">1864-</subfield></datafield><datafield ind1=" " ind2=" " tag="300"><subfield code="a">v. ;</subfield><subfield code="c">45 cm.</subfield></datafield><datafield ind1=" " ind2=" " tag="310"><subfield code="a">Weekly</subfield></datafield><datafield ind1="0" ind2=" " tag="362"><subfield code="a">Vol. 6, no. 23 (June 4, 1864)-</subfield></datafield><datafield ind1=" " ind2=" " tag="500"><subfield code="a">Published as: Metropolitan record &amp; New York vindicator, July 8, 1865-Mar. 31, 1866 and Sept. 15, 1866-&lt;May 2, 1868&gt;, and as: Metropolitan record New York vindicator, Apr. 7-Sept. 8, 1866, and as: Metropolitan record for the campaign, &lt;Aug. 29, 1868&gt;.</subfield></datafield><datafield ind1=" " ind2=" " tag="500"><subfield code="a">Editor: John Mullaly, 1864-&lt;1868&gt;</subfield></datafield><datafield ind1=" " ind2=" " tag="530"><subfield code="a">Also issued on microfilm.</subfield></datafield><datafield ind1="2" ind2="0" tag="610"><subfield code="a">Catholic Church</subfield><subfield code="v">Newspapers.</subfield></datafield><datafield ind1=" " ind2="0" tag="651"><subfield code="a">New York (N.Y.)</subfield><subfield code="v">Newspapers.</subfield></datafield><datafield ind1=" " ind2="7" tag="655"><subfield code="a">Newspapers.</subfield><subfield code="2">fast</subfield><subfield code="0">(OCoLC)fst01423814</subfield></datafield><datafield ind1="2" ind2="7" tag="610"><subfield code="a">Catholic Church.</subfield><subfield code="2">fast</subfield><subfield code="0">(OCoLC)fst00531720</subfield></datafield><datafield ind1=" " ind2="7" tag="651"><subfield code="a">New York (State)</subfield><subfield code="z">New York.</subfield><subfield code="2">fast</subfield><subfield code="0">(OCoLC)fst01204333</subfield></datafield><datafield ind1=" " ind2=" " tag="752"><subfield code="a">United States</subfield><subfield code="b">New York</subfield><subfield code="c">New York</subfield><subfield code="d">New York.</subfield></datafield><datafield ind1="0" ind2="4" tag="780"><subfield code="t">Metropolitan record</subfield><subfield code="w">(DLC)sn 84031849</subfield><subfield code="w">(OCoLC)11254870</subfield></datafield><datafield ind1="0" ind2="4" tag="780"><subfield code="t">Vindicator and people's advocate</subfield></datafield><datafield ind1=" " ind2=" " tag="850"><subfield code="a">DLC</subfield></datafield><datafield ind1=" " ind2=" " tag="938"><subfield code="a">Kirtas Technologies, Inc.</subfield><subfield code="b">KRTS</subfield><subfield code="n">737587</subfield></datafield></record>